<?xml version="1.0" encoding="UTF-8"?><collection xmlns="http://www.loc.gov/MARC21/slim"><record><leader>00426nam--2200157-i-4500</leader><controlfield tag="001">000022807</controlfield><controlfield tag="002">20161230</controlfield><controlfield tag="005">20161230201034</controlfield><controlfield tag="008">060222s1000------------r-----000-0-eng-d</controlfield><datafield ind1=" " ind2=" " tag="080"><subfield code="a">512.83</subfield></datafield><datafield ind1=" " ind2=" " tag="100"><subfield code="a">Grobner, Wolfgang</subfield></datafield><datafield ind1=" " ind2=" " tag="245"><subfield code="a">Matrizenrechnung</subfield></datafield><datafield ind1=" " ind2=" " tag="260"><subfield code="a">Mannheim, Bibliographisches Institut, 1966. 279p</subfield></datafield><datafield ind1=" " ind2=" " tag="490"><subfield code="a">B.I. Hochschultaschenbucher 103/103a</subfield></datafield><datafield ind1=" " ind2=" " tag="852"><subfield code="a">28715</subfield><subfield code="c">512.831</subfield></datafield><datafield ind1=" " ind2=" " tag="CAT"><subfield code="a">Sys</subfield><subfield code="c">20080522</subfield><subfield code="h">121241</subfield></datafield></record></collection>